@ARTICLE{2016A&A...595A...1G,
   author = {{Gaia Collaboration} and {Prusti}, T. and {de Bruijne}, J.~H.~J. and 
	{Brown}, A.~G.~A. and {Vallenari}, A. and {Babusiaux}, C. and 
	{Bailer-Jones}, C.~A.~L. and {Bastian}, U. and {Biermann}, M. and 
	{Evans}, D.~W. and {and 616 co-authors}},
    title = "{The Gaia mission}",
  journal = {\aap},
archivePrefix = "arXiv",
   eprint = {1609.04153},
 primaryClass = "astro-ph.IM",
 keywords = {space vehicles: instruments, Galaxy: structure, astrometry, parallaxes, proper motions, telescopes},
     year = 2016,
    month = nov,
   volume = 595,
      eid = {A1},
    pages = {A1},
      doi = {10.1051/0004-6361/201629272},
   adsurl = {http://adsabs.harvard.edu/abs/2016A%26A...595A...1G},
  adsnote = {Provided by the SAO/NASA Astrophysics Data System}
}

@ARTICLE{2018Natur.561..360A,
       author = {{Antoja}, T. and {Helmi}, A. and {Romero-G{\'o}mez}, M. and {Katz}, D. and
         {Babusiaux}, C. and {Drimmel}, R. and {Evans}, D.~W. and
         {Figueras}, F. and {Poggio}, E. and {Reyl{\'e}}, C. and {Robin}, A.~C. and
         {Seabroke}, G. and {Soubiran}, C.},
        title = "{A dynamically young and perturbed Milky Way disk}",
      journal = {\nat},
     keywords = {Astrophysics - Astrophysics of Galaxies},
         year = "2018",
        month = "Sep",
       volume = {561},
       number = {7723},
        pages = {360-362},
          doi = {10.1038/s41586-018-0510-7},
archivePrefix = {arXiv},
       eprint = {1804.10196},
 primaryClass = {astro-ph.GA},
       adsurl = {https://ui.adsabs.harvard.edu/abs/2018Natur.561..360A},
      adsnote = {Provided by the SAO/NASA Astrophysics Data System}
}

@ARTICLE{2018Natur.563...85H,
       author = {{Helmi}, Amina and {Babusiaux}, Carine and {Koppelman}, Helmer H. and
         {Massari}, Davide and {Veljanoski}, Jovan and {Brown}, Anthony G.~A.},
        title = "{The merger that led to the formation of the Milky Way's inner stellar halo and thick disk}",
      journal = {\nat},
     keywords = {Astrophysics - Astrophysics of Galaxies},
         year = "2018",
        month = "Oct",
       volume = {563},
       number = {7729},
        pages = {85-88},
          doi = {10.1038/s41586-018-0625-x},
archivePrefix = {arXiv},
       eprint = {1806.06038},
 primaryClass = {astro-ph.GA},
       adsurl = {https://ui.adsabs.harvard.edu/abs/2018Natur.563...85H},
      adsnote = {Provided by the SAO/NASA Astrophysics Data System}
}

@ARTICLE{2019Natur.565..202T,
       author = {{Tremblay}, Pier-Emmanuel and {Fontaine}, Gilles and
         {Fusillo}, Nicola Pietro Gentile and {Dunlap}, Bart H. and
         {G{\"a}nsicke}, Boris T. and {Hollands}, Mark A. and {Hermes}, J.~J. and
         {Marsh}, Thomas R. and {Cukanovaite}, Elena and {Cunningham}, Tim},
        title = "{Core crystallization and pile-up in the cooling sequence of evolving white dwarfs}",
      journal = {\nat},
     keywords = {Astrophysics - Solar and Stellar Astrophysics},
         year = "2019",
        month = "Jan",
       volume = {565},
       number = {7738},
        pages = {202-205},
          doi = {10.1038/s41586-018-0791-x},
archivePrefix = {arXiv},
       eprint = {1908.00370},
 primaryClass = {astro-ph.SR},
       adsurl = {https://ui.adsabs.harvard.edu/abs/2019Natur.565..202T},
      adsnote = {Provided by the SAO/NASA Astrophysics Data System}
}

@ARTICLE{2018MNRAS.478..611B,
       author = {{Belokurov}, V. and {Erkal}, D. and {Evans}, N.~W. and {Koposov}, S.~E. and
         {Deason}, A.~J.},
        title = "{Co-formation of the disc and the stellar halo}",
      journal = {\mnras},
     keywords = {galaxies: dwarf, Local Group, galaxies: structure, Astrophysics - Astrophysics of Galaxies},
         year = "2018",
        month = "Jul",
       volume = {478},
       number = {1},
        pages = {611-619},
          doi = {10.1093/mnras/sty982},
archivePrefix = {arXiv},
       eprint = {1802.03414},
 primaryClass = {astro-ph.GA},
       adsurl = {https://ui.adsabs.harvard.edu/abs/2018MNRAS.478..611B},
      adsnote = {Provided by the SAO/NASA Astrophysics Data System}
}

@ARTICLE{2019arXiv190904679B,
       author = {{Belokurov}, Vasily and {Sanders}, Jason L. and {Fattahi}, Azadeh and
         {Smith}, Martin C. and {Deason}, Alis J. and {Evans}, N. Wyn and {Grand
        }, Robert J.~J.},
        title = "{The Biggest Splash}",
      journal = {arXiv e-prints},
     keywords = {Astrophysics - Astrophysics of Galaxies},
         year = "2019",
        month = "Sep",
          eid = {arXiv:1909.04679},
        pages = {arXiv:1909.04679},
archivePrefix = {arXiv},
       eprint = {1909.04679},
 primaryClass = {astro-ph.GA},
       adsurl = {https://ui.adsabs.harvard.edu/abs/2019arXiv190904679B},
      adsnote = {Provided by the SAO/NASA Astrophysics Data System}
}

@ARTICLE{2018A&A...616A...9L,
       author = {{Luri}, X. and {Brown}, A.~G.~A. and {Sarro}, L.~M. and {Arenou}, F. and
         {Bailer-Jones}, C.~A.~L. and {Castro-Ginard}, A. and {de Bruijne}, J. and
         {Prusti}, T. and {Babusiaux}, C. and {Delgado}, H.~E.},
        title = "{Gaia Data Release 2. Using Gaia parallaxes}",
      journal = {\aap},
     keywords = {astrometry, parallaxes, methods: data analysis, methods: statistical, catalogs, Astrophysics - Instrumentation and Methods for Astrophysics},
         year = "2018",
        month = "Aug",
       volume = {616},
          eid = {A9},
        pages = {A9},
          doi = {10.1051/0004-6361/201832964},
archivePrefix = {arXiv},
       eprint = {1804.09376},
 primaryClass = {astro-ph.IM},
       adsurl = {https://ui.adsabs.harvard.edu/abs/2018A&A...616A...9L},
      adsnote = {Provided by the SAO/NASA Astrophysics Data System}
}

@ARTICLE{2002ARA&A..40..487F,
       author = {{Freeman}, Ken and {Bland-Hawthorn}, Joss},
        title = "{The New Galaxy: Signatures of Its Formation}",
      journal = {\araa},
     keywords = {osmology, local group, stellar populations, stellar kinematics, Astrophysics},
         year = "2002",
        month = "Jan",
       volume = {40},
        pages = {487-537},
          doi = {10.1146/annurev.astro.40.060401.093840},
archivePrefix = {arXiv},
       eprint = {astro-ph/0208106},
 primaryClass = {astro-ph},
       adsurl = {https://ui.adsabs.harvard.edu/abs/2002ARA&A..40..487F},
      adsnote = {Provided by the SAO/NASA Astrophysics Data System}
}

@ARTICLE{2019A&A...628A..94A,
       author = {{Anders}, F. and {Khalatyan}, A. and {Chiappini}, C. and
         {Queiroz}, A.~B. and {Santiago}, B.~X. and {Jordi}, C. and
         {Girardi}, L. and {Brown}, A.~G.~A. and {Matijevi{\v{c}}}, G. and
         {Monari}, G. and {Cantat-Gaudin}, T. and {Weiler}, M. and {Khan}, S. and
         {Miglio}, A. and {Carrillo}, I. and {Romero-G{\'o}mez}, M. and
         {Minchev}, I. and {de Jong}, R.~S. and {Antoja}, T. and {Ramos}, P. and
         {Steinmetz}, M. and {Enke}, H.},
        title = "{Photo-astrometric distances, extinctions, and astrophysical parameters for Gaia DR2 stars brighter than G = 18}",
      journal = {\aap},
     keywords = {stars: fundamental parameters, stars: distances, stars: statistics, dust, extinction, Galaxy: stellar content, Galaxy: structure, Astrophysics - Astrophysics of Galaxies, Astrophysics - Solar and Stellar Astrophysics, 85A15},
         year = "2019",
        month = "Aug",
       volume = {628},
          eid = {A94},
        pages = {A94},
          doi = {10.1051/0004-6361/201935765},
archivePrefix = {arXiv},
       eprint = {1904.11302},
 primaryClass = {astro-ph.GA},
       adsurl = {https://ui.adsabs.harvard.edu/abs/2019A&A...628A..94A},
      adsnote = {Provided by the SAO/NASA Astrophysics Data System}
}
